@article{sasiadek2002sensor,
	title={},
	author={Sasiadek, Jurek Z},
	journal={Annual Reviews in Control},
	volume={26},
	number={2},
	pages={203--228},
	year={2002},
	publisher={Elsevier}
}